@book{halim2013competitive,
	title={Competitive Programming 3: The New Lower Bound of Programming Contests: Handbook for ACM ICPC and IOI Contestants},
	author="S. Halim and F. Halim",
	year={2013},
	publisher={Lulu. com}
}

@Book{Skiena03,
	author =	"S. S. Skiena and M. Revilla",
	title =	"Programming Challenges",
	pages =	"368",
	publisher =	"Springer",
	year = 	"2003",
	keywords =	"book, text, c2003, c200x, c20xx, computer programming,
	algorithms,",
	abstract =	"1st ed 2003; pb us\$39;
	http://www.amazon.com/gp/product/0387001638/?tag=fourwheeldrivein
	; . [Also search for: algorithm book].",
}

@Book{cormen2009introduction,
	title =	"Introduction to Algorithms (3. ed.)",
	author =	"Thomas H. Cormen and Charles E. Leiserson and Ronald
	L. Rivest and Clifford Stein",
	publisher =	"MIT Press",
	year = 	"2009",
	bibdate =	"2014-12-31",
	ISBN = 	"978-0-262-03384-8",
	pages =	"I--XIX, 1--1292",
	URL =  	"http://mitpress.mit.edu/books/introduction-algorithms",
}

@Book{Skiena08,
	author =	"S. S. Skiena",
	title =	"The Algorithm Design Manual",
	pages =	"752",
	publisher =	"Springer",
	year = 	"2008",
	keywords =	"book, text, c2008, c200x, c20xx, algorithms, L3Ref,
	L4Ref, computer, programming, program, source,
	interview, problem, problems",
	abstract =	"2nd ed 2010; pb us\$72;
	http://www.amazon.com/gp/product/1849967202/?tag=fourwheeldrivein
	; ; 2nd ed 2008; hb us\$64;
	http://www.amazon.com/gp/product/1848000693/?tag=fourwheeldrivein
	; . '... Contains a highly unique catalog of the 75
	most important algorithmic problems. [And] includes new
	{"}war stories{"} and {"}interview problems{"},
	relating experiences from real-world applications. ...'
	[Also search for: Handbook Algorithms].",
}

@Book{Dasgupta06,
	author =	"S. Dasgupta and C. H. Papadimitriou and U. Vazirani",
	title =	"Algorithms",
	pages =	"336",
	publisher =	"McGraw Hill",
	year = 	"2006",
	keywords =	"book, text, c2006, c200x, c20xx, L2Ref, L3Ref,
	algorithms",
	abstract =	"pb us\$32,
	http://www.amazon.com/gp/product/0073523402/?tag=fourwheeldrivein
	; uks .",
}

@book{pimentabook,
	author = "M. C. S. C. Pimenta",
	title = "Programação Competitiva",
	publisher = {\url{http://matheuspimenta.com/apostila}}
}

@book{pimentaarticle,
	author = "M. C. S. C. Pimenta",
	title = "Como se tornar um programador competitivo",
	publisher = {\\\url{http://matheuspimenta.com/comosetornarumprogramadorcompetitivo}}
}